@article { lecun-98,
original =    "orig/lecun-98.ps.gz",
author = 	"LeCun, Y. and Bottou, L. and Bengio, Y. and Haffner, P.",
title = 	"Gradient-Based Learning Applied to Document Recognition",
journal =	"Proceedings of the IEEE",
month =         "November",
volume =        "86",
number =        "11",
pages =         "2278-2324",
year =		1998
}

@article         { lecun-89e,
original =    "orig/lecun-89e.tiff",
author  =       "LeCun, Y. and Boser, B.  and Denker, J. S. and Henderson, D.
 and Howard, R. E. and Hubbard, W. and Jackel,  L. D.",
title   =        "Backpropagation Applied to Handwritten Zip Code Recognition",
journal =        "Neural Computation",
year    =        "1989",
volume =         "1",
number =         "4",
pages =          "541-551",
month   =        "Winter"
}